<record><leader>00000cas a22000007a 4500</leader><controlfield tag="001">43919454</controlfield><controlfield tag="008">000424d185918uumeusr ne      0    0eng d</controlfield><datafield ind1=" " ind2=" " tag="010"><subfield code="a">sn 00062506 </subfield></datafield><datafield ind1=" " ind2=" " tag="040"><subfield code="a">MBN</subfield><subfield code="b">eng</subfield><subfield code="c">MBN</subfield><subfield code="d">OCLCF</subfield><subfield code="d">OCLCO</subfield></datafield><datafield ind1="1" ind2=" " tag="029"><subfield code="a">AU@</subfield><subfield code="b">000021486277</subfield></datafield><datafield ind1=" " ind2=" " tag="042"><subfield code="a">msc</subfield></datafield><datafield ind1="0" ind2=" " tag="130"><subfield code="a">Cruiser (South Freeport, Me.)</subfield></datafield><datafield ind1="0" ind2="4" tag="245"><subfield code="a">The cruiser.</subfield></datafield><datafield ind1=" " ind2=" " tag="260"><subfield code="a">South Freeport [Me.] :</subfield><subfield code="b">South Freeport Mutual Improvement Society,</subfield></datafield><datafield ind1=" " ind2=" " tag="300"><subfield code="a">v.</subfield></datafield><datafield ind1=" " ind2=" " tag="310"><subfield code="a">Semimonthly</subfield></datafield><datafield ind1="0" ind2=" " tag="362"><subfield code="a">Vol. 1, no. 1 (Jan. 20, 1859)-</subfield></datafield><datafield ind1=" " ind2=" " tag="500"><subfield code="a">Handwritten.</subfield></datafield><datafield ind1=" " ind2=" " tag="500"><subfield code="a">South Freeport is a village in Freeport, Me.</subfield></datafield><datafield ind1=" " ind2="0" tag="651"><subfield code="a">South Freeport (Me.)</subfield><subfield code="v">Newspapers.</subfield></datafield><datafield ind1=" " ind2="0" tag="651"><subfield code="a">Freeport (Me.)</subfield><subfield code="v">Newspapers.</subfield></datafield><datafield ind1=" " ind2="7" tag="655"><subfield code="a">Newspapers.</subfield><subfield code="2">fast</subfield><subfield code="0">(OCoLC)fst01423814</subfield></datafield><datafield ind1=" " ind2="7" tag="651"><subfield code="a">Maine</subfield><subfield code="z">Freeport.</subfield><subfield code="2">fast</subfield><subfield code="0">(OCoLC)fst01227741</subfield></datafield><datafield ind1=" " ind2="7" tag="651"><subfield code="a">Maine</subfield><subfield code="z">South Freeport.</subfield><subfield code="2">fast</subfield><subfield code="0">(OCoLC)fst01303757</subfield></datafield><datafield ind1=" " ind2=" " tag="752"><subfield code="a">United States</subfield><subfield code="b">Maine</subfield><subfield code="c">Cumberland</subfield><subfield code="d">Freeport.</subfield></datafield></record>